<?xml version="1.0" encoding="UTF-8"?><collection xmlns="http://www.loc.gov/MARC21/slim"><record><leader>00515nam--2200181-i-4500</leader><controlfield tag="001">000010914</controlfield><controlfield tag="002">20161230</controlfield><controlfield tag="005">20161230201029</controlfield><controlfield tag="008">060222s1000------------r-----000-0-fre-d</controlfield><datafield ind1=" " ind2=" " tag="040"><subfield code="a">IFIN-HH</subfield></datafield><datafield ind1=" " ind2=" " tag="041"><subfield code="a">fre</subfield></datafield><datafield ind1=" " ind2=" " tag="080"><subfield code="a">539.172.17(043)</subfield></datafield><datafield ind1="1" ind2=" " tag="100"><subfield code="a">Denis, Alain</subfield></datafield><datafield ind1="1" ind2="0" tag="245"><subfield code="a">Spectres et durees de vie radiatives dans les atomes et les ions neon et argon</subfield><subfield code="c">Alain denis</subfield></datafield><datafield ind1=" " ind2=" " tag="260"><subfield code="a">Lyon,</subfield><subfield code="b">Universite Claude Bernard (Lyon I)</subfield><subfield code="c">1972</subfield></datafield><datafield ind1=" " ind2=" " tag="300"><subfield code="a">156P</subfield></datafield><datafield ind1=" " ind2=" " tag="852"><subfield code="a">40409</subfield><subfield code="c">539.17</subfield></datafield><datafield ind1=" " ind2=" " tag="CAT"><subfield code="a">Sys</subfield><subfield code="c">20120611</subfield><subfield code="h">153737</subfield></datafield></record></collection>